<?xml version="1.0" encoding="UTF-8"?>
<collection xmlns:xsi="http://www.w3.org/2001/XMLSchema-instance" xsi:schemaLocation="http://www.loc.gov/MARC21/slim http://www.loc.gov/standards/marcxml/schema/MARC21slim.xsd" xmlns="http://www.loc.gov/MARC21/slim">
<record>
  <leader>01040nam a2200229   4500</leader>
  <controlfield tag="001">2957114</controlfield>
  <controlfield tag="003">NNC</controlfield>
  <controlfield tag="005">20030429141026.0</controlfield>
  <controlfield tag="008">820728s1968    iq       b    000 0barar </controlfield>
  <datafield tag="010" ind1=" " ind2=" ">
    <subfield code="a">   70261011 </subfield>
  </datafield>
  <datafield tag="035" ind1=" " ind2=" ">
    <subfield code="a">(OCoLC)ocm08638551</subfield>
  </datafield>
  <datafield tag="035" ind1=" " ind2=" ">
    <subfield code="9">ASK2184CU</subfield>
  </datafield>
  <datafield tag="040" ind1=" " ind2=" ">
    <subfield code="a">DLC</subfield>
    <subfield code="c">TKN</subfield>
    <subfield code="d">TKN</subfield>
    <subfield code="d">ZCU</subfield>
  </datafield>
  <datafield tag="050" ind1="0" ind2=" ">
    <subfield code="a">BP80.M88</subfield>
    <subfield code="b">A67</subfield>
  </datafield>
  <datafield tag="090" ind1=" " ind2=" ">
    <subfield code="a">BP80.M88</subfield>
    <subfield code="b">A7</subfield>
  </datafield>
  <datafield tag="100" ind1="1" ind2=" ">
    <subfield code="a">Ali, Abbas.</subfield>
  </datafield>
  <datafield tag="245" ind1="1" ind2="3">
    <subfield code="a">al-Imām Sharaf al-Dīn ḥuzmat ḍawʾ ʻalā ṭarīq al-fikr al-imāmī,</subfield>
    <subfield code="b">dirāsah wāʻiyah tatanā-wal al-jānib al-fikrī fī ḥayāt al-Imām al-Sayyid ʻAbd al-Ḥusayn Sharaf al-Dīn, al-rajul al-ladhī jaddada uṭur mafāhīm wa-waḍaʻa nuqāṭ ʻalā ḥurūf wa-sāham fī ījād manākh mulāʾim li-numuw faʻālīyāt Islāmīyah munfaṭihah ʻalā masraḥ al-fikr</subfield>
    <subfield code="c">[taʾlīf] ʻAbbās ʻAlī.</subfield>
  </datafield>
  <datafield tag="260" ind1=" " ind2=" ">
    <subfield code="a">al-Najaf,</subfield>
    <subfield code="b">Maṭbaʻat al-Nuʻmān,</subfield>
    <subfield code="c">1968.</subfield>
  </datafield>
  <datafield tag="300" ind1=" " ind2=" ">
    <subfield code="a">200 p.</subfield>
    <subfield code="c">25 cm.</subfield>
  </datafield>
  <datafield tag="504" ind1=" " ind2=" ">
    <subfield code="a">Bibliography : p. 199-200.</subfield>
  </datafield>
  <datafield tag="600" ind1="1" ind2="0">
    <subfield code="a">Sharaf al-Dīn, ʻAbd al-Ḥusayn.</subfield>
  </datafield>
  <datafield tag="955" ind1=" " ind2=" ">
    <subfield code="b">CU55313736</subfield>
    <subfield code="d">off,glx</subfield>
    <subfield code="e">BP80.M88 A7</subfield>
  </datafield>
</record>
</collection>